
@book{rodder_bundesrepublik_2004,
	location = {München},
	title = {Die Bundesrepublik Deutschland: 1969-1990},
	series = {Oldenbourg : Grundriss der Geschichte},
	shorttitle = {Die Bundesrepublik Deutschland},
	pagetotal = {330},
	number = {Bd. 19 a},
	publisher = {Oldenbourg},
	author = {Rödder, Andreas},
	date = {2004},
}

@book{rigoll_staatsschutz_2013,
	location = {Göttingen},
	title = {Staatsschutz in Westdeutschland: von der Entnazifizierung zur Extremistenabwehr},
	series = {Beiträge zur Geschichte des 20. Jahrhunderts},
	shorttitle = {Staatsschutz in Westdeutschland},
	pagetotal = {524},
	number = {Bd. 13},
	publisher = {Wallstein},
	author = {Rigoll, Dominik},
	date = {2013},
	keywords = {Extremists, Germany (West), National security},
}

@book{edgar_wolfrum_verfassungsfeinde_2022,
	location = {Göttingen},
	title = {Verfassungsfeinde im Land? Der "Radikalenerlass" von 1972 in der Geschichte Baden-Württembergs und der Bundesrepublik},
	shorttitle = {Verfassungsfeinde im Land?},
	pagetotal = {684},
	publisher = {Wallstein Verlag},
	author = {{Edgar Wolfrum} and {Yvonne Hilges}},
	date = {2022},
}

@book{gebhardt_handbuch_2001,
	location = {Stuttgart},
	edition = {10., völlig neu bearb. Aufl},
	title = {Handbuch der deutschen Geschichte},
	volume = {23},
	pagetotal = {1},
	publisher = {Klett Cotta},
	author = {Gebhardt, Bruno and Häfele, Rolf and Haverkamp, Alfred and Reinhard, Wolfgang and Kocka, Jürgen and Benz, Wolfgang},
	date = {2001},
	keywords = {Germany, History},
}

@book{noauthor_ministerialblatt_1972,
	title = {Ministerialblatt für das Land Nordrhein-Westfalen},
	date = {1972},
}

@jurisdiction{noauthor_bverfge_nodate,
	title = {{BVerfGE} 39, 334},
	url = {https://www.servat.unibe.ch/dfr/bv039334.html},
	urldate = {2022-08-09},
}

@online{bildung_vor_nodate,
	title = {Vor 50 Jahren: "Radikalenerlass"},
	url = {https://www.bpb.de/kurz-knapp/hintergrund-aktuell/346271/vor-50-jahren-radikalenerlass/},
	shorttitle = {Vor 50 Jahren},
	abstract = {Am 28. Januar 1972 einigten sich Bund und Länder auf den sogenannten Radikalenerlass. Daraufhin wurden Bewerberinnen und Bewerber sowie Beschäftigte des öffentlichen Dienstes in der Bundesrepublik jahrelang auf ihre Verfassungstreue hin überprüft.},
	titleaddon = {bpb.de},
	author = {Bildung, Bundeszentrale für politische},
	urldate = {2022-08-09},
	langid = {german},
	file = {Snapshot:/Users/patrick/Zotero/storage/KS86BGYP/vor-50-jahren-radikalenerlass.html:text/html},
}